<?xml version="1.0" encoding="UTF-8"?>
<record xmlns="http://www.loc.gov/MARC21/slim">
   <leader>00669cam a2200205 a 4500</leader>
   <controlfield tag="001">2935177</controlfield>
   <controlfield tag="003">NjP</controlfield>
   <controlfield tag="005">20151014143203.0</controlfield>
   <controlfield tag="008">950901q19001995ua a          000 0 arard</controlfield>
   <datafield tag="024" ind1="7" ind2=" ">
      <subfield code="a">princeton_aco004879</subfield>
      <subfield code="2">local</subfield>
   </datafield>
   <datafield ind1=" " ind2=" " tag="035">
      <subfield code="a">(OCoLC)ocm33073511</subfield>
   </datafield>
   <datafield ind1=" " ind2=" " tag="035">
      <subfield code="9">CPG4465TS</subfield>
   </datafield>
   <datafield ind1=" " ind2=" " tag="040">
      <subfield code="a">CLE</subfield>
      <subfield code="c">CLE</subfield>
      <subfield code="d">PUL</subfield>
   </datafield>
   <datafield ind1="1" ind2=" " tag="041">
      <subfield code="a">ara</subfield>
      <subfield code="h">per</subfield>
   </datafield>
   <datafield ind1=" " ind2=" " tag="092">
      <subfield code="a">789.78K</subfield>
      <subfield code="b">Qm</subfield>
   </datafield>
   <datafield ind1="0" ind2=" " tag="100">
      <subfield code="a">Omar Khayyam.</subfield>
   </datafield>
   <datafield ind1="1" ind2="0" tag="245">
      <subfield code="a">Rubāʻīyāt ʻUmar al-Khayyām /</subfield>
      <subfield code="c">al-falakī al-shāʻir al-faylasūf al-Fārsī tarjamahā naẓman Muḥammad al-Sibāʻī.</subfield>
   </datafield>
   <datafield ind1=" " ind2=" " tag="260">
      <subfield code="a">Miṣr :</subfield>
      <subfield code="b">Dār al-Ihyāʻ al-ʻArabīyah,</subfield>
      <subfield code="c">[19--]</subfield>
   </datafield>
   <datafield ind1=" " ind2=" " tag="300">
      <subfield code="a">141 p. :</subfield>
      <subfield code="b">ill. ;</subfield>
      <subfield code="c">20 cm.</subfield>
   </datafield>
   <datafield ind1="1" ind2=" " tag="700">
      <subfield code="a">Sibāʻī, Muḥammad.</subfield>
   </datafield>
   <datafield ind1=" " ind2=" " tag="945">
      <subfield code="a">SY</subfield>
      <subfield code="b">1</subfield>
      <subfield code="c">2472.379.87</subfield>
   </datafield>
   <datafield ind1=" " ind2=" " tag="911">
      <subfield code="a">20000402</subfield>
   </datafield>
   <datafield ind1="8" ind2="0" tag="852">
      <subfield code="0">3249829</subfield>
      <subfield code="b">rcppa</subfield>
      <subfield code="t">1</subfield>
      <subfield code="h">2472.379.87</subfield>
      <subfield code="x">tr fr sy</subfield>
   </datafield>
   <datafield ind1=" " ind2=" " tag="959">
      <subfield code="a">2009-07-22 12:40:28 -0400</subfield>
   </datafield>
</record>
